@book{euclidelements,
  address = {12 Rue de Savoie, Paris},
  author = {Euclide},
  biburl = {http://ark.bnf.fr/ark:/12148/cb339913399},
  description = {Les élémens de géométrie d'Euclide, traduits littéralement et suivis d'un Traité du cercle, du cylindre, du cône et de la sphère, de la mesure des surfaces et des solides, avec des notes, par F. Peyrard.},
  editor = {Louis, François (1756-1838)} ,
  timestamp = {2016-04-30T00:51:33.000+0200},
  title = {Les élémens de géométrie d'Euclide},
  url = {http://promenadesmaths.free.fr/telecharger/euclide_elements_1804.pdf},
  year = 1804
}

@book{HilbertLesPF,
  title={Les principes fondamentaux de la géométrie},
  author={Hilbert},
  url={https://www.pedagogie.ac-aix-marseille.fr/upload/docs/application/pdf/2019-11/principes_fondamentaux_geometrie_-_david_hilbert.pdf},
editor = {Gauthier-Villars, Paris},
biburl ={http://catalogue.bnf.fr/ark:/12148/cb30604473p},
year = 1900
}

@book{descartesgeometrie,
  title={La g{\'e}om{\'e}trie},
  author={Descartes, Ren{\'e}},
  editor={A. Hermann, Librairie scientifique, Paris},
  year = 1637,
  url = {http://www.ffn.ub.es/luisnavarro/nuevo_maletin/Descartes\%20(1637)_Geometrie.pdf}
}

@article{moore1902projective,
  title={On the projective axioms of geometry},
  author={{Moore}, E. and {Hastings}, R.~L.},
  journal={Transactions of the American Mathematical Society},
  volume={3},
  number={1},
  pages={142--158},
  year={1902}
}